% This BibTeX bibliography file was created using BibDesk. This gives a GUI to organise references and so less chance of making a syntax error. 
% including your references in a separate file means that you can edit it independently of your main report.
% http://bibdesk.sourceforge.net/

%  You can find more about BibTex syntax at https://en.wikipedia.org/wiki/BibTeX



@conference{Wilde,
	Author = {Wilde, Natalie and Haddadi, Hamed and Alomainy, Akram},
	Booktitle = {MobiHealth'15},
	Date-Added = {2015-09-24 20:13:21 +0000},
	Date-Modified = {2015-09-24 20:14:02 +0000},
	Title = {Future Feasibility of Using Wearable Interfaces to Provide Social Support},
	Year = {2015}}

@url{BBC,
	Author = {BBC},
	Date-Added = {2015-09-24 20:08:44 +0000},
	Date-Modified = {2015-09-25 14:34:35 +0000},
	Lastchecked = {20th September 2015},
	Title = {Graphs and Charts: Reading Bar Charts},
	Url = {http://www.bbc.co.uk/skillswise/factsheet/ma37grap-e3-f-reading-bar-charts},
	Year = {2011},
	Bdsk-Url-1 = {http://www.bbc.co.uk/skillswise/factsheet/ma37grap-e3-f-reading-bar-charts}}

@article{Swan,
	Author = {Swan, Melanie},
	Journal = {Journal of Personalized Medicine},
	Number = {3},
	Pages = {93--118},
	Publisher = {Molecular Diversity Preservation International},
	Title = {Health 2050: The realization of personalized medicine through crowdsourcing, the quantified self, and the participatory biocitizen},
	Volume = {2},
	Year = {2012}}

@url{Guardian,
	Author = {The Guardian},
	Date-Added = {2015-09-16 16:15:11 +0000},
	Date-Modified = {2015-09-16 16:37:32 +0000},
	Lastchecked = {12th September 2015},
	Url = {http://www.theguardian.com/technology/data-visualisation},
	Year = {2015},
	Bdsk-Url-1 = {http://www.theguardian.com/technology/data-visualisation}}

@url{NYTimes,
	Author = {New York Times},
	Date-Added = {2015-09-16 16:14:32 +0000},
	Date-Modified = {2015-09-16 16:37:47 +0000},
	Lastchecked = {12th September 2015},
	Url = {http://www.nytimes.com/},
	Year = {2015},
	Bdsk-Url-1 = {http://www.nytimes.com/}}

@book{Eysenck,
	Author = {Michael Eysenck and Mark Keane},
	Date-Added = {2015-09-16 16:08:18 +0000},
	Date-Modified = {2015-09-16 16:18:41 +0000},
	Edition = {4th},
	Publisher = {Taylor and Francis},
	Title = {Cognitive Psychology: A Student's Handbook},
	Year = {2003}}

@inproceedings{Chang,
	Author = {Chang, Dempsey and Dooley, Laurence and Tuovinen, Juhani E.},
	Booktitle = {Proceedings of the Seventh World Conference on Computers in Education Conference on Computers in Education: Australian Topics - Volume 8},
	Date-Modified = {2015-09-16 16:12:12 +0000},
	Pages = {5-12},
	Title = {Gestalt Theory in Visual Screen Design: A New Look at an Old Subject},
	Year = {2002},
	Bdsk-Url-1 = {http://dl.acm.org/citation.cfm?id=820060.820062}}

@book{Kirk,
	Author = {Andy Kirk},
	Date-Added = {2015-09-16 15:50:40 +0000},
	Date-Modified = {2015-09-16 15:51:44 +0000},
	Publisher = {PACT Publishing},
	Title = {Data Visualization: a successful design process},
	Year = {2012}}

@book{Spence,
	Address = {M{\"u}nchen},
	Author = {Spence, R.},
	Date-Added = {2015-09-16 15:47:30 +0000},
	Date-Modified = {2015-09-16 15:48:21 +0000},
	Publisher = {Addison-Wesley},
	Title = {Information Visualization},
	Year = {2001}}

@article{Schneiderman,
	Author = {Schneiderman, B.},
	Date-Added = {2015-09-16 15:46:31 +0000},
	Date-Modified = {2015-09-16 15:47:25 +0000},
	Journal = {Proceedings of the 54th Annual Meeting of the American Society for Information Sciences},
	Title = {Visual User Interfaces for Information Exploration},
	Volume = {28},
	Year = {1991}}

@book{SchneidermanPlaisant,
	Author = {Schneiderman, B., & Plaisant, C.},
	Date-Added = {2015-09-16 15:45:22 +0000},
	Date-Modified = {2015-09-16 15:46:30 +0000},
	Publisher = {Addison-Wesley},
	Title = {Designing the User Interface},
	Year = {2004}}

@article{Wong,
	Author = {Bang Wong},
	Date-Added = {2015-09-16 15:39:55 +0000},
	Date-Modified = {2015-09-16 15:40:55 +0000},
	Journal = {Nature Methods},
	Number = {9},
	Pages = {665-665},
	Title = {Points of View: Design of Data Figures},
	Volume = {7},
	Year = {2010}}

@inproceedings{Houben,
	Address = {New York, NY, USA},
	Author = {Houben, Steven and Marquardt, Nicolai},
	Booktitle = {Proceedings of the 33rd Annual ACM Conference on Human Factors in Computing Systems},
	Date-Modified = {2015-09-16 15:42:43 +0000},
	Pages = {1247--1256},
	Publisher = {ACM},
	Series = {CHI '15},
	Title = {WatchConnect: A Toolkit for Prototyping Smartwatch-Centric Cross-Device Applications},
	Year = {2015},
	Bdsk-Url-1 = {http://doi.acm.org/10.1145/2702123.2702215},
	Bdsk-Url-2 = {http://dx.doi.org/10.1145/2702123.2702215}}

@inproceedings{Pasquero,
	Address = {New York, NY, USA},
	Author = {Pasquero, Jerome and Stobbe, Scott J. and Stonehouse, Noel},
	Booktitle = {Proceedings of the SIGCHI Conference on Human Factors in Computing Systems},
	Date-Modified = {2015-09-16 15:44:12 +0000},
	Pages = {3257--3266},
	Publisher = {ACM},
	Series = {CHI '11},
	Title = {A Haptic Wristwatch for Eyes-free Interactions},
	Year = {2011},
	Bdsk-Url-1 = {http://doi.acm.org/10.1145/1978942.1979425},
	Bdsk-Url-2 = {http://dx.doi.org/10.1145/1978942.1979425}}

@inproceedings{Smith,
	Address = {New York, NY, USA},
	Author = {Smith, Randall B. and Hixon, Ranald and Horan, Bernard},
	Booktitle = {Proceedings of the 1998 ACM Conference on Computer Supported Cooperative Work},
	Date-Modified = {2015-09-16 15:44:39 +0000},
	Pages = {197--206},
	Publisher = {ACM},
	Series = {CSCW '98},
	Title = {Supporting Flexible Roles in a Shared Space},
	Year = {1998},
	Bdsk-Url-1 = {http://doi.acm.org/10.1145/289444.289494},
	Bdsk-Url-2 = {http://dx.doi.org/10.1145/289444.289494}}

@article{Thomas,
	Author = {Thomas, James J. and Cook, Kristin A.},
	Date-Modified = {2015-09-16 15:44:56 +0000},
	Journal = {IEEE Comput. Graph. Appl.},
	Number = {1},
	Pages = {10--13},
	Title = {A Visual Analytics Agenda},
	Volume = {26},
	Year = {2006},
	Bdsk-Url-1 = {http://dx.doi.org/10.1109/MCG.2006.5}}

@inproceedings{Oviatt,
	Address = {New York, NY, USA},
	Author = {Oviatt, Sharon},
	Booktitle = {Proceedings of the 14th Annual ACM International Conference on Multimedia},
	Date-Modified = {2015-09-16 15:43:57 +0000},
	Pages = {871--880},
	Publisher = {ACM},
	Series = {MULTIMEDIA '06},
	Title = {Human-centered Design Meets Cognitive Load Theory: Designing Interfaces That Help People Think},
	Year = {2006},
	Bdsk-Url-1 = {http://doi.acm.org/10.1145/1180639.1180831},
	Bdsk-Url-2 = {http://dx.doi.org/10.1145/1180639.1180831}}

@article{Nichols,
	Author = {Vaughan Nichols, Steven J.},
	Date-Modified = {2015-09-16 15:45:18 +0000},
	Journal = {Computer},
	Number = {8},
	Pages = {12--15},
	Title = {New Interfaces at the Touch of a Fingertip},
	Volume = {40},
	Year = {2007},
	Bdsk-Url-1 = {http://dx.doi.org/10.1109/MC.2007.286}}

@inproceedings{Johnson,
	Address = {New York, NY, USA},
	Author = {Johnson, Jeff A.},
	Booktitle = {Proceedings of the SIGCHI Conference on Human Factors in Computing Systems},
	Date-Modified = {2015-09-16 15:42:56 +0000},
	Pages = {218--225},
	Publisher = {ACM Press/Addison-Wesley Publishing Co.},
	Series = {CHI '95},
	Title = {A Comparison of User Interfaces for Panning on a Touch-controlled Display},
	Year = {1995},
	Bdsk-Url-1 = {http://dx.doi.org/10.1145/223904.223932}}

@article{Hornbeak,
	Author = {Hornb{\ae}k, Kasper and Hertzum, Morten},
	Date-Modified = {2015-09-25 14:36:12 +0000},
	Journal = {ACM Transactions on Compututer-Human Interaction},
	Number = {2},
	Title = {Untangling the Usability of Fisheye Menus},
	Volume = {14},
	Year = {2007},
	Bdsk-Url-1 = {http://doi.acm.org/10.1145/1275511.1275512},
	Bdsk-Url-2 = {http://dx.doi.org/10.1145/1275511.1275512}}

@article{Capin,
	Author = {Tolga Capin and Kari Pulli and Tomas Akenine-Moller},
	Date-Modified = {2015-09-16 15:41:18 +0000},
	Journal = {IEEE Computer Graphics and Applications},
	Number = {4},
	Pages = {74-84},
	Title = {The State of the Art in Mobile Graphics Research},
	Volume = {28},
	Year = {2008},
	Bdsk-Url-1 = {http://doi.ieeecomputersociety.org/10.1109/MCG.2008.83}}

@inproceedings{Burigat,
	Author = {Stefano Burigat and Luca Chittaro},
	Booktitle = {Spatial Data on the Web: Modelling and Management},
	Date-Modified = {2015-09-25 14:35:02 +0000},
	Publisher = {Springer},
	Title = {Geographic Data Visualization on Mobile Devices for Users Navigation and Decision Support Activities},
	Year = {2007}}

@inproceedings{Schmidt,
	Address = {New York, NY, USA},
	Author = {Schmidt, Dominik and Seifert, Julian and Rukzio, Enrico and Gellersen, Hans},
	Booktitle = {Proceedings of the Designing Interactive Systems Conference},
	Date-Modified = {2015-09-16 15:44:23 +0000},
	Pages = {318--327},
	Publisher = {ACM},
	Series = {DIS '12},
	Title = {A Cross-device Interaction Style for Mobiles and Surfaces},
	Year = {2012},
	Bdsk-Url-1 = {http://doi.acm.org/10.1145/2317956.2318005},
	Bdsk-Url-2 = {http://dx.doi.org/10.1145/2317956.2318005}}

@inproceedings{Oney,
	Address = {New York, NY, USA},
	Author = {Oney, Stephen and Harrison, Chris and Ogan, Amy and Wiese, Jason},
	Booktitle = {Proceedings of the SIGCHI Conference on Human Factors in Computing Systems},
	Date-Modified = {2015-09-16 15:43:43 +0000},
	Pages = {2799--2802},
	Publisher = {ACM},
	Series = {CHI '13},
	Title = {ZoomBoard: A Diminutive Qwerty Soft Keyboard Using Iterative Zooming for Ultra-small Devices},
	Year = {2013},
	Bdsk-Url-1 = {http://doi.acm.org/10.1145/2470654.2481387},
	Bdsk-Url-2 = {http://dx.doi.org/10.1145/2470654.2481387}}

@inproceedings{Leiva,
	Address = {New York, NY, USA},
	Author = {Leiva, Luis A. and Sahami, Alireza and Catala, Alejandro and Henze, Niels and Schmidt, Albrecht},
	Booktitle = {Proceedings of the 33rd Annual ACM Conference on Human Factors in Computing Systems},
	Date-Modified = {2015-09-16 15:43:12 +0000},
	Pages = {669--678},
	Publisher = {ACM},
	Series = {CHI '15},
	Title = {Text Entry on Tiny QWERTY Soft Keyboards},
	Year = {2015},
	Bdsk-Url-1 = {http://doi.acm.org/10.1145/2702123.2702388},
	Bdsk-Url-2 = {http://dx.doi.org/10.1145/2702123.2702388}}

@inproceedings{Hong,
	Address = {New York, NY, USA},
	Author = {Hong, Jonggi and Heo, Seongkook and Isokoski, Poika and Lee, Geehyuk},
	Booktitle = {Proceedings of the 33rd Annual ACM Conference on Human Factors in Computing Systems},
	Date-Modified = {2015-09-16 15:42:04 +0000},
	Pages = {1233--1236},
	Publisher = {ACM},
	Series = {CHI '15},
	Title = {SplitBoard: A Simple Split Soft Keyboard for Wristwatch-sized Touch Screens},
	Year = {2015},
	Bdsk-Url-1 = {http://doi.acm.org/10.1145/2702123.2702273},
	Bdsk-Url-2 = {http://dx.doi.org/10.1145/2702123.2702273}}

@inproceedings{Oakley,
	Address = {New York, NY, USA},
	Author = {Oakley, Ian and Lee, Doyoung},
	Booktitle = {Proceedings of the SIGCHI Conference on Human Factors in Computing Systems},
	Date-Modified = {2015-09-16 15:43:28 +0000},
	Pages = {169--178},
	Publisher = {ACM},
	Series = {CHI '14},
	Title = {Interaction on the Edge: Offset Sensing for Small Devices},
	Year = {2014},
	Bdsk-Url-1 = {http://doi.acm.org/10.1145/2556288.2557138},
	Bdsk-Url-2 = {http://dx.doi.org/10.1145/2556288.2557138}}

@inproceedings{Blasko,
	Author = {Blasko, G. and Feiner, S.},
	Booktitle = {Wearable Computers, 2004. ISWC 2004. Eighth International Symposium on},
	Date-Modified = {2015-09-16 15:41:31 +0000},
	Pages = {120-123},
	Title = {An interaction system for watch computers using tactile guidance and bidirectional segmented strokes},
	Volume = {1},
	Year = {2004},
	Bdsk-Url-1 = {http://dx.doi.org/10.1109/ISWC.2004.6}}

@inproceedings{Ashbrook,
	Address = {New York, NY, USA},
	Author = {Ashbrook, Daniel and Lyons, Kent and Starner, Thad},
	Booktitle = {Proceedings of the 10th International Conference on Human Computer Interaction with Mobile Devices and Services},
	Date-Modified = {2015-09-16 15:41:44 +0000},
	Pages = {311--314},
	Publisher = {ACM},
	Series = {MobileHCI '08},
	Title = {An Investigation into Round Touchscreen Wristwatch Interaction},
	Year = {2008},
	Bdsk-Url-1 = {http://doi.acm.org/10.1145/1409240.1409276},
	Bdsk-Url-2 = {http://dx.doi.org/10.1145/1409240.1409276}}

@webpage{NextMarket,
	Author = {Next Market Insights},
	Date-Added = {2015-09-16 15:17:41 +0000},
	Date-Modified = {2015-09-16 16:37:04 +0000},
	Lastchecked = {12th September 2015},
	Title = {Smartwatch Market Forecast to Grow From 15 Million in 2014 to 373 Million by 2020},
	Url = {http://nextmarket.co/blogs/news-1/9278081-smartwatch-market-forecast-to-grow-from-15-million-in-2014-to-373-million-by-2020},
	Year = {2014},
	Bdsk-Url-1 = {http://nextmarket.co/blogs/news-1/9278081-smartwatch-market-forecast-to-grow-from-15-million-in-2014-to-373-million-by-2020}}

@article{Arsand,
	Author = {Eirik Arsand and Muzny Miroslav and Meghan Bradway and Jan Muzik and Gunnar Hartvigsen},
	Date-Added = {2015-09-16 15:14:36 +0000},
	Date-Modified = {2015-09-25 14:34:04 +0000},
	Journal = {Journal of diabetes science and technology},
	Number = {3},
	Pages = {556-563},
	Title = {Performance of the First Combined Smartwatch and Smartphone Diabetes Diary Application Study},
	Volume = {9},
	Year = {2015}}

@article{Boletsis,
	Author = {Coasta Boletsis, Simon McCallum and Brynjar Fowels Landmark},
	Date-Added = {2015-09-16 15:09:02 +0000},
	Date-Modified = {2015-09-16 15:11:03 +0000},
	Journal = {Human Aspects of IT for the Aged Population. Design for Everyday Life - Lecture notes in Computer Science},
	Pages = {15-26},
	Publisher = {Springer Publishing},
	Title = {The use of smartwatches for health monitoring in home-based dementia care},
	Volume = {9194},
	Year = {2015}}

@conference{Shenson,
	Address = {New York, NY, USA},
	Author = {Jaren Shenson and Alark Joshi},
	Booktitle = {Proceedings of the 5th International Symposium on Visual Information},
	Date-Added = {2015-09-16 15:01:30 +0000},
	Date-Modified = {2015-09-16 15:06:29 +0000},
	Pages = {29-38},
	Publisher = {ACM},
	Title = {Visualizing disease incidence in the context of socioeconomic factors},
	Year = {2012}}

@article{EMC,
	Author = {EMC Corps},
	Date-Added = {2015-09-16 15:00:20 +0000},
	Date-Modified = {2015-09-16 15:01:23 +0000},
	Title = {Annual Digital Universal Report},
	Url = {http://www.emc.com/digital_universe},
	Year = {2010},
	Bdsk-Url-1 = {http://www.emc.com/digital_universe}}

@article{TLX,
	Author = {S.G. Hart and L.E. Staveland},
	Date-Added = {2015-09-14 22:55:01 +0000},
	Date-Modified = {2015-09-25 14:35:47 +0000},
	Journal = {Advances in Psychology},
	Pages = {139-183},
	Title = {Development of NASA-TLX (task load index): Results of empirical and theoretical research},
	Volume = {52},
	Year = {1988}}

@url{axure,
	Annote = {URL},
	Author = {Axure Software Solutions},
	Date-Added = {2015-09-14 18:13:06 +0000},
	Date-Modified = {2015-09-14 18:13:06 +0000},
	Lastchecked = {14th September 2015},
	Title = {Axure RP7},
	Url = {www.axure.com},
	Urldate = {2015},
	Year = {2015},
	Bdsk-Url-1 = {www.axure.com}}

@article{Patel,
	Author = {Patel MS and Asch DA and Volpp KG},
	Date-Modified = {2015-09-16 15:17:08 +0000},
	Journal = {The Journal of the American Medical Association},
	Number = {5},
	Pages = {459-460},
	Title = {Wearable devices as facilitators, not drivers, of health behavior change},
	Volume = {313},
	Year = {2015},
	Bdsk-Url-1 = {+%20http://dx.doi.org/10.1001/jama.2014.14781},
	Bdsk-Url-2 = {http://dx.doi.org/10.1001/jama.2014.14781}}

@url{xcode,
	Annote = {URL},
	Author = {Apple},
	Date-Modified = {2015-09-14 18:14:00 +0000},
	Lastchecked = {14th September 2015},
	Title = {Xcode},
	Url = {https://developer.apple.com/xcode/},
	Urldate = {2015},
	Year = {2015},
	Bdsk-Url-1 = {www.axure.com}}

@inproceedings{Elias,
	Address = {New York, NY, USA},
	Author = {Elias, Micheline and Bezerianos, Anastasia},
	Booktitle = {Proceedings of the SIGCHI Conference on Human Factors in Computing Systems},
	Date-Modified = {2015-09-24 22:47:10 +0000},
	Pages = {1641--1650},
	Publisher = {ACM},
	Series = {CHI '12},
	Title = {Annotating BI Visualization Dashboards: Needs and Challenges},
	Year = {2012},
	Bdsk-Url-1 = {http://doi.acm.org/10.1145/2207676.2208288},
	Bdsk-Url-2 = {http://dx.doi.org/10.1145/2207676.2208288}}

@inproceedings{Jansen,
	Address = {New York, NY, USA},
	Author = {Jansen, Yvonne and Dragicevic, Pierre and Fekete, Jean-Daniel},
	Booktitle = {Proceedings of the SIGCHI Conference on Human Factors in Computing Systems},
	Date-Modified = {2015-09-16 15:25:09 +0000},
	Pages = {2593--2602},
	Publisher = {ACM},
	Series = {CHI '13},
	Title = {Evaluating the Efficiency of Physical Visualizations},
	Year = {2013},
	Bdsk-Url-1 = {http://doi.acm.org/10.1145/2470654.2481359},
	Bdsk-Url-2 = {http://dx.doi.org/10.1145/2470654.2481359}}

@article{Yi,
	Author = {Yi, Ji Soo and Kang, Youn-ah and Stasko, John T and Jacko, Julie A},
	Date-Modified = {2015-09-16 15:25:01 +0000},
	Journal = {IEEE Transactions on Visualization and Computer Graphics},
	Number = {6},
	Pages = {1224--1231},
	Publisher = {IEEE},
	Title = {Toward a deeper understanding of the role of interaction in information visualization},
	Volume = {13},
	Year = {2007}}

@inproceedings{Bieber,
	Address = {New York, NY, USA},
	Author = {Bieber, Gerald and Haescher, Marian and Vahl, Matthias},
	Booktitle = {Proceedings of the 6th International Conference on Pervasive Technologies Related to Assistive Environments},
	Date-Modified = {2015-09-25 14:35:13 +0000},
	Pages = {1-6},
	Publisher = {ACM},
	Series = {PETRA '13},
	Title = {Sensor Requirements for Activity Recognition on Smart Watches},
	Volume = {67},
	Year = {2013},
	Bdsk-Url-1 = {http://doi.acm.org/10.1145/2504335.2504407},
	Bdsk-Url-2 = {http://dx.doi.org/10.1145/2504335.2504407}}

@inproceedings{Dunlop,
	Address = {New York, NY, USA},
	Author = {Dunlop, Mark D. and Komninos, Andreas and Durga, Naveen},
	Booktitle = {CHI '14 Extended Abstracts on Human Factors in Computing Systems},
	Date-Modified = {2015-09-16 15:24:22 +0000},
	Pages = {2365--2370},
	Publisher = {ACM},
	Series = {CHI EA '14},
	Title = {Towards High Quality Text Entry on Smartwatches},
	Year = {2014},
	Bdsk-Url-1 = {http://doi.acm.org/10.1145/2559206.2581319},
	Bdsk-Url-2 = {http://dx.doi.org/10.1145/2559206.2581319}}
